@ARTICLE{Bernstein2010,
   author = {{Bernstein}, G.~M.},
    title = "{Shape measurement biases from underfitting and
                  ellipticity gradients}",
  journal = {\mnras},
archivePrefix = "arXiv",
   eprint = {1001.2333},
 primaryClass = "astro-ph.IM",
 keywords = {gravitational lensing: weak, techniques: image
                  processing, methods: data analysis},
     year = 2010,
    month = aug,
   volume = 406,
    pages = {2793-2804},
      doi = {10.1111/j.1365-2966.2010.16883.x},
   adsurl = {http://adsabs.harvard.edu/abs/2010MNRAS.406.2793B},
  adsnote = {Provided by the SAO/NASA Astrophysics Data System}
}

@BOOK{Coleman1960,
   author = {{Coleman}, C.~D. and {Bozman}, W.~R. and {Meggers},
                  W.~F.},
    title = "{Table of Wave numbers.}",
 keywords = {Spectrum analysis},
booktitle = {Table of Wave numbers., by Coleman, Charles DeWitt.;
                  Bozman, William R.; Meggers, William
                  Frederick.~Washington, U.S.~Dept.~of Commerce,
                  National Bureau of Standards, 1960.},
     year = 1960,
   adsurl = {http://adsabs.harvard.edu/abs/1960twn..book.....C},
  adsnote = {Provided by the SAO/NASA Astrophysics Data System}
}

@ARTICLE{Edlen1953,
   author = {{Edlen}, Bengt},
   title  = "{The Dispersion of Standard Air}",
  journal = {JOSA},
     year = 1953,
   volume = 43,
   number = 5,
    pages = 339
}

@ARTICLE{Melchior2011,
   author = {{Melchior}, P. and {Viola}, M. and {Sch{\"a}fer},
                  B.~M. and {Bartelmann}, M.},
    title = "{Weak gravitational lensing with DEIMOS}",
  journal = {\mnras},
archivePrefix = "arXiv",
   eprint = {1008.1076},
 primaryClass = "astro-ph.IM",
 keywords = {gravitational lensing: weak, techniques: image
                  processing},
     year = 2011,
    month = apr,
   volume = 412,
    pages = {1552-1558},
      doi = {10.1111/j.1365-2966.2010.17875.x},
   adsurl = {http://adsabs.harvard.edu/abs/2011MNRAS.412.1552M},
  adsnote = {Provided by the SAO/NASA Astrophysics Data System}
}

@ARTICLE{Nakajima2007,
   author = {{Nakajima}, R. and {Bernstein}, G.},
    title = "{Shear Recovery Accuracy in Weak-Lensing Analysis with
                  the Elliptical Gauss-Laguerre Method}",
  journal = {\aj},
   eprint = {arXiv:astro-ph/0607062},
 keywords = {gravitational lensing, methods: data analysis,
                  techniques: image processing},
     year = 2007,
    month = apr,
   volume = 133,
    pages = {1763-1779},
      doi = {10.1086/511957},
   adsurl = {http://adsabs.harvard.edu/abs/2007AJ....133.1763N},
  adsnote = {Provided by the SAO/NASA Astrophysics Data System}
}

@ARTICLE{Plazas2012,
   author = {{Plazas}, A.~A. and {Bernstein}, G.~M.},
    title = "{Atmospheric dispersion effects in weak lensing
                  measurements}",
  journal = {ArXiv e-prints},
archivePrefix = "arXiv",
   eprint = {1204.1346},
 primaryClass = "astro-ph.IM",
 keywords = {Astrophysics - Instrumentation and Methods for
                  Astrophysics, Astrophysics - Cosmology and
                  Extragalactic Astrophysics},
     year = 2012,
    month = apr,
   adsurl = {http://adsabs.harvard.edu/abs/2012arXiv1204.1346P},
  adsnote = {Provided by the SAO/NASA Astrophysics Data System}
}

@ARTICLE{Voigt2010,
   author = {{Voigt}, L.~M. and {Bridle}, S.~L.},
    title = "{Limitations of model-fitting methods for lensing shear
                  estimation}",
  journal = {\mnras},
archivePrefix = "arXiv",
   eprint = {0905.4801},
 primaryClass = "astro-ph.CO",
 keywords = {gravitational lensing, methods: data analysis, cosmology:
                  observations},
     year = 2010,
    month = may,
   volume = 404,
    pages = {458-467},
      doi = {10.1111/j.1365-2966.2010.16300.x},
   adsurl = {http://adsabs.harvard.edu/abs/2010MNRAS.404..458V},
  adsnote = {Provided by the SAO/NASA Astrophysics Data System}
}
